% BÃ¼cher

@BOOK{bio,
  AUTHOR       = {Andrea Erdmann and Ulf Erdmann and Andreas Martens},
  TITLE        = {{G}r{\"u}ne {R}eihe. {M}aterialien f{\"u}r den {S}ekundarbereich {II}},
  PUBLISHER    = {Schroedel Verlag GmbH},
  YEAR         = {2004},
  ADDRESS      = {Braunschweig}
}

% Zeitschriften

@ARTICLE{ct_math,
  AUTHOR       = {Andrea Trinkwalder},
  TITLE        = {{N}etzgespinste},
	JOURNAL			 = {c't},
	VOLUME 			 = {6},
	YEAR				 = {2016},
	PAGES				 = {130-135}
}

% Websites

@misc{nne_beck,
	AUTHOR			 = {G{\"u}nter Daniel Rey and Fabian Beck},
	TITLE 			 = {{N}euronale {N}etze - {E}ine {E}inf{\"u}hrung},
  HOWPUBLISHED = {\url{http://www.neuronalesnetz.de/downloads/neuronalesnetz_de.pdf}},
  NOTE = {17.07.2018}
}

@misc{wrl,
  KEY          = {0},
  TITLE        = {{W}ikipedia},
  HOWPUBLISHED = {\url{https://en.wikipedia.org/wiki/Reinforcement_learning#/media/File:Reinforcement_learning_diagram.svg}},
  NOTE         = {17.07.2018}
}

@misc{aiw,
  KEY          = {1},
  TITLE        = {{A}rtificial {I}ntelligence {W}iki},
  HOWPUBLISHED = {\url{https://skymind.ai/wiki/deep-reinforcement-learning}},
  NOTE         = {17.07.2018}
}
